@article{verhoeff2004settling,
  title={Settling multiple debts efficiently: An invitation to computing
    science},
  author={Verhoeff, Tom},
  journal={Informatics in Education--An International Journal},
  volume=3,
  number=1,
  pages={105--126},
  year=2004,
  url={http://www.mii.lt/informatics_in_education/pdf/INFE023.pdf}
}
